<?xml version="1.0" encoding="UTF-8"?>
  <record xmlns="http://www.loc.gov/MARC21/slim" type="Authority">
    <leader>00000nz  a2200000nc 4500</leader>
    <controlfield tag="001">129248835</controlfield>
    <controlfield tag="003">DE-101</controlfield>
    <controlfield tag="005">20170210161028.0</controlfield>
    <controlfield tag="008">040727n||aznnnaabn           | aaa    |c</controlfield>
    <datafield tag="024" ind1="7" ind2=" ">
      <subfield code="a">129248835</subfield>
      <subfield code="0">http://d-nb.info/gnd/129248835</subfield>
      <subfield code="2">gnd</subfield>
    </datafield>
    <datafield tag="035" ind1=" " ind2=" ">
      <subfield code="a">(DE-101)129248835</subfield>
    </datafield>
    <datafield tag="035" ind1=" " ind2=" ">
      <subfield code="a">(DE-588)129248835</subfield>
    </datafield>
    <datafield tag="035" ind1=" " ind2=" ">
      <subfield code="z">(DE-588a)129248835</subfield>
      <subfield code="9">v:zg</subfield>
    </datafield>
    <datafield tag="035" ind1=" " ind2=" ">
      <subfield code="z">(DE-588a)102932646</subfield>
    </datafield>
    <datafield tag="040" ind1=" " ind2=" ">
      <subfield code="a">DE-12</subfield>
      <subfield code="c">DE-12</subfield>
      <subfield code="9">r:DE-12</subfield>
      <subfield code="b">ger</subfield>
      <subfield code="d">9999</subfield>
    </datafield>
    <datafield tag="042" ind1=" " ind2=" ">
      <subfield code="a">gnd1</subfield>
    </datafield>
    <datafield tag="075" ind1=" " ind2=" ">
      <subfield code="b">p</subfield>
      <subfield code="2">gndgen</subfield>
    </datafield>
    <datafield tag="075" ind1=" " ind2=" ">
      <subfield code="b">piz</subfield>
      <subfield code="2">gndspec</subfield>
    </datafield>
    <datafield tag="079" ind1=" " ind2=" ">
      <subfield code="a">g</subfield>
      <subfield code="q">a</subfield>
      <subfield code="q">f</subfield>
    </datafield>
    <datafield tag="100" ind1="1" ind2=" ">
      <subfield code="a">Nietheimer, Johann Jacob</subfield>
    </datafield>
    <datafield tag="400" ind1="1" ind2=" ">
      <subfield code="a">Nietheimer, Johannes Jacob</subfield>
    </datafield>
    <datafield tag="400" ind1="1" ind2=" ">
      <subfield code="a">Nietheimer, Johannes Jakob</subfield>
      <subfield code="9">v:(VD-16)</subfield>
    </datafield>
    <datafield tag="400" ind1="1" ind2=" ">
      <subfield code="a">Nietheimer, Johann Jakob</subfield>
    </datafield>
    <datafield tag="500" ind1="1" ind2=" ">
      <subfield code="a">Paracelsus, Theophrastus</subfield>
      <subfield code="4">beza</subfield>
      <subfield code="4">https://d-nb.info/standards/elementset/gnd#acquaintanceshipOrFriendship</subfield>
      <subfield code="w">r</subfield>
      <subfield code="i">Bekanntschaft</subfield>
      <subfield code="e">Bekanntschaft</subfield>
      <subfield code="9">v:VD-16 Mitverf.</subfield>
    </datafield>
    <datafield tag="548" ind1=" " ind2=" ">
      <subfield code="a">1583</subfield>
      <subfield code="4">datw</subfield>
      <subfield code="4">https://d-nb.info/standards/elementset/gnd#periodOfActivity</subfield>
      <subfield code="w">r</subfield>
      <subfield code="i">Wirkungsdaten</subfield>
    </datafield>
    <datafield tag="550" ind1=" " ind2=" ">
      <subfield code="0">(DE-101)040031578</subfield>
      <subfield code="0">(DE-588)4003157-3</subfield>
      <subfield code="0">https://d-nb.info/gnd/4003157-3</subfield>
      <subfield code="a">Arzt</subfield>
      <subfield code="4">berc</subfield>
      <subfield code="4">https://d-nb.info/standards/elementset/gnd#professionOrOccupation</subfield>
      <subfield code="w">r</subfield>
      <subfield code="i">Charakteristischer Beruf</subfield>
    </datafield>
    <datafield tag="667" ind1=" " ind2=" ">
      <subfield code="a">12</subfield>
    </datafield>
    <datafield tag="667" ind1=" " ind2=" ">
      <subfield code="a">VD-17</subfield>
    </datafield>
    <datafield tag="667" ind1=" " ind2=" ">
      <subfield code="a">VD-16</subfield>
    </datafield>
    <datafield tag="670" ind1=" " ind2=" ">
      <subfield code="a">Internat. biogr. Index: Nietheimer, Johann Jakob</subfield>
    </datafield>
    <datafield tag="672" ind1=" " ind2="0">
      <subfield code="a">Paracelsus: Kurtzer und warhaffter Bericht Von der gefährlichen Kranckheit der Pestilentz. - 1674. - [Nachdruck]</subfield>
    </datafield>
    <datafield tag="672" ind1=" " ind2="0">
      <subfield code="a">Paracelsus, Theophrastus: Kurtzer vnd warhaffter Bericht, Von der jetzt regierenden gefährlichen kranckheit der Pestilentz, ...  1600.  (VD16 P 486)</subfield>
    </datafield>
    <datafield tag="672" ind1=" " ind2="0">
      <subfield code="a">Paracelsus, Theophrastus: Kurtzer vnd warhaffter Bericht Von der ietz regierenden gfaerlichen kranckheyt der ...  1583.  (VD16 P 485)</subfield>
    </datafield>
    <datafield tag="678" ind1=" " ind2=" ">
      <subfield code="b">Arzt</subfield>
    </datafield>
    <datafield tag="913" ind1=" " ind2=" ">
      <subfield code="S">pnd</subfield>
      <subfield code="i">a</subfield>
      <subfield code="a">Nietheimer, Johann Jacob</subfield>
      <subfield code="0">(DE-588a)129248835</subfield>
    </datafield>
  </record>
